% BibTeX database for the MSc_Thesis.tex

%%%%%%%%%%%%%%%%%%%%%%%%%%%%%%%%%%%%%%%%%%%%%%%%%%%%%%%%%%
% TEMPLATES
%%%%%%%%%%%%%%%%%%%%%%%%%%%%%%%%%%%%%%%%%%%%%%%%%%%%%%%%%%

%%%%% An article from a journal or magazine.
%
%article{
%  % Required fields:
%  author  = {},
%  title   = {},
%  journal = {},
%  year    = {},
%  % Optional fields:
%  volume  = {},
%  number  = {},
%  pages   = {},
%  month   = {},
%  note    = {}
%}
%
%%%%% A book with an explicit publisher.
%
%book{
%  % Required fields:
%  author    = {}, % or editor
%  editor    = {},
%  title     = {},
%  publisher = {},
%  year      = {},
%  % Optional fields:
%  volume    = {},
%  number    = {},
%  series    = {},
%  address   = {},
%  edition   = {},
%  month     = {},
%  note      = {}
%}
%
%%%%% A work that is printed and bound, but without a named publisher or sponsoring institution.
%
%booklet{
%  % Required field:
%  title        = {},
%  % Optional fields:
%  author       = {},
%  howpublished = {},
%  address      = {},
%  month        = {},
%  year         = {},
%  note         = {}
%}
%
%%%%% The same as INPROCEEDINGS}, included for Scribe compatibility.
%
%conference{
%}
%
%%%%% A part of a book, which may be a chapter (or section or whatever) and/or a range of pages.
%
%inbook{
%  % Required fields:
%  author    = {}, % or editor
%  editor    = {},
%  title     = {},
%  chapter   = {}, % and/or pages
%  pages     = {},
%  publisher = {},
%  year      = {},
%  % Optional fields:
%  volume    = {}, % or number
%  number    = {},
%  series    = {},
%  type      = {},
%  address   = {},
%  edition   = {},
%  month     = {},
%  note      = {}
%}
%
%%%%% A part of a book having its own title.
%
%incollection{
%  % Required fields:
%  author    = {},
%  title     = {},
%  booktitle = {},
%  publisher = {},
%  year      = {},
%  % Optional fields:
%  editor    = {},
%  volume    = {}, % or number
%  number    = {},
%  series    = {},
%  type      = {},
%  chapter   = {},
%  pages     = {},
%  address   = {},
%  edition   = {},
%  month     = {},
%  note      = {}
%}
%
%%%%% An article in a conference proceedings.
%
%inproceedings{
%  % Required fields:
%  author       = {},
%  title        = {},
%  booktitle    = {},
%  year         = {},
%  % Optional fields:
%  editor       = {},
%  volume       = {}, % or number
%  number       = {},
%  series       = {},
%  pages        = {},
%  address      = {},
%  month        = {},
%  organization = {},
%  publisher    = {},
%  note         = {}
%}
%
%%%%% Technical documentation.
%
%manual{
%  % Required field:
%  title        = {},
%  % Optional fields:
%  author       = {},
%  organization = {},
%  address      = {},
%  edition      = {},
%  month        = {},
%  year         = {},
%  note         = {}
%}
%
%%%%% A Master's thesis.
%
%mastersthesis{
%  % Required fields:
%  author  = {},
%  title   = {},
%  school  = {},
%  year    = {},
%  % Optional fields:
%  type    = {},
%  address = {},
%  month   = {},
%  note    = {}
%}
%
%%%%% Use this type when nothing else fits.
%
%misc{
%  % Required fields: none.
%  % Optional fields:
%  author       = {},
%  title        = {},
%  howpublished = {},
%  month        = {},
%  year         = {},
%  note         = {}
%}
%
%%%%% A PhD thesis.
%
%phdthesis{
%  % Required fields:
%  author  = {},
%  title   = {},
%  school  = {},
%  year    = {},
%  % Optional fields:
%  type    = {},
%  address = {},
%  month   = {},
%  note    = {}
%}
%
%%%%% The proceedings of a conference.
%
%proceedings{
%  % Required fields:
%  title        = {},
%  year         = {},
%  % Optional fields:
%  editor       = {},
%  volume       = {}, % or number
%  number       = {},
%  series       = {},
%  address      = {},
%  month        = {},
%  organization = {},
%  publisher    = {},
%  note         = {},
%}
%
%%%%% A report published by a school or other institution, usually numbered within a series.
%
%techreport{
%  % Required fields:
%  author      = {},
%  title       = {},
%  institution = {},
%  year        = {},
%  % Optional fields:
%  type        = {},
%  number      = {},
%  address     = {},
%  month       = {},
%  note        = {}
%}
%
%%%%% A document having an author and title, but not formally published.
%
%unpublished{
%  % Required fields:
%  author = {},
%  title  = {},
%  note   = {},
%  % Optional fields:
%  month  = {},
%  year   = {}
%}

%%%%%%%%%%%%%%%%%%%%%%%%%%%%%%%%%%%%%%%%%%%%%%%%%%%%%%%%%%
% References
%%%%%%%%%%%%%%%%%%%%%%%%%%%%%%%%%%%%%%%%%%%%%%%%%%%%%%%%%%
@article{coer_standard,
  title={ITU-Tx. 696},
  author={Recommendation, ITUTX},
  journal={Interfaces},
  volume={10},
  number={20-X},
  pages={49},
  publisher={Citeseer}
}

@article{network_vehicle2,
  title={A Survey of the Connected Vehicle Landscape--Architectures, Enabling Technologies, Applications, and Development Areas},
  author={Siegel, Joshua E and Erb, Dylan C and Sarma, Sanjay E},
  journal={IEEE Transactions on Intelligent Transportation Systems},
  year={2017},
  publisher={IEEE}
}


@misc{etsi_formats,
title = {Intelligent Transport Systems (ITS);
Security; 
Security header and certificate formats },
year = {2015}, 
howpublished = "\url{http://www.etsi.org/deliver/etsi_ts/103000_103099/103097/01.02.01_60/ts_103097v010201p.pdf}"
}


@misc{etsi_PSID,
title = {Intelligent Transport Systems (ITS);
Application Object Identifier (ITS-AID);
Registration 
 },
year = {2018}, 
howpublished = "\url{https://www.etsi.org/deliver/etsi_ts/102900_102999/102965/01.04.01_60/ts_102965v010401p.pdf}"
}

@article{ssl,
  title={The transport layer security (TLS) protocol version 1.2},
  author={Dierks, Tim},
  year={2008}
}

@article{network_vehicle,
  title={Vehicular communication: a survey},
  author={Bhoi, Sourav Kumar and Khilar, Pabitra Mohan},
  journal={IET Networks},
  volume={3},
  number={3},
  pages={204--217},
  year={2013},
  publisher={IET}
}


@misc{safty_pilot,
title = {U.S. Department of Transportation. Safety Pilot Model Deployment},
howpublished = "\url{http://safetypilot.umtri.umich.edu/}"}

@misc{scms_doc,
title = {SCMS CV Pilots Documentation},
howpublished = "\url{https://wiki.campllc.org/display/SCP/SCMS+CV+Pilots+Documentation}"}

@inproceedings{its,
  title={Intelligent Transportation System (ITS): Concept, Challenge and Opportunity},
  author={Lin, Yangxin and Wang, Ping and Ma, Meng},
  booktitle={Big Data Security on Cloud (BigDataSecurity), IEEE International Conference on High Performance and Smart Computing (HPSC), and IEEE International Conference on Intelligent Data and Security (IDS), 2017 IEEE 3rd International Conference on},
  pages={167--172},
  year={2017},
  organization={IEEE}
}

@article{bidirectional,
  title={Bidirectionally coupled network and road traffic simulation for improved IVC analysis},
  author={Sommer, Christoph and German, Reinhard and Dressler, Falko},
  journal={IEEE Transactions on Mobile Computing},
  volume={10},
  number={1},
  pages={3--15},
  year={2011},
  publisher={IEEE}
}

@incollection{sims,
  title={Simulation tools and techniques for vehicular communications and applications},
  author={Sommer, Christoph and H{\"a}rri, J{\'e}r{\^o}me and Hrizi, Fatma and Sch{\"u}nemann, Bj{\"o}rn and Dressler, Falko},
  booktitle={Vehicular ad hoc Networks},
  pages={365--392},
  year={2015},
  publisher={Springer}
}

@article{vanet_ETSI,
author = {Rehman, Sabih and Khan, M. Arif and Zia, Tanveer and Zheng, Lihong},
year = {2013},
month = {01},
pages = {29-38},
title = {Vehicular ad-Hoc networks (VANETs)â€”An overview and challenges},
volume = {3},
booktitle = {Journal of Wireless Networking and Communications}
}

@inproceedings{vanet_IEEE,
  title={Vehicular ad hoc networks (VANETs): Current state, challenges, potentials and way forward},
  author={Eze, Elias C and Zhang, Sijing and Liu, Enjie},
  booktitle={Automation and Computing (ICAC), 2014 20th International Conference on},
  pages={176--181},
  year={2014},
  organization={IEEE}
}

@misc{ieee_formats,
title = {IEEE Std 1609.2-2016;
Standard for Wireless Access in Vehicular Environments },
year = {2016}, 
howpublished = "\url{https://standards.ieee.org/findstds/standard/1609.2-2016.html}"}

@article{vsimrti,
title={V2X simulation runtime infrastructure VSimRTI: An assessment tool to design smart traffic management systems},
  author={Sch{\"u}nemann, Bj{\"o}rn},
  journal={Computer Networks},
  volume={55},
  number={14},
  pages={3189--3198},
  year={2011},
  publisher={Elsevier}
}

@misc{vsimrti_web,
title = {VSimRTI-Smart Mobility Simulation Homepage},
howpublished = "\url{https://www.dcaiti.tu-berlin.de/research/simulation/}"}

@inproceedings{SUMO,
  title={SUMO--simulation of urban mobility: an overview},
  author={Behrisch, Michael and Bieker, Laura and Erdmann, Jakob and Krajzewicz, Daniel},
  booktitle={Proceedings of SIMUL 2011, The Third International Conference on Advances in System Simulation},
  year={2011},
  organization={ThinkMind}
}

@misc{iTetris,
title = {iTetris Homepage},
howpublished = "\url{http://www.ict-itetris.eu/}"}
}

@inproceedings{vissim,
  title={VISSIM: a multi-parameter sensitivity analysis},
  author={Lownes, Nicholas E and Machemehl, Randy B},
  booktitle={Proceedings of the 38th conference on Winter simulation},
  pages={1406--1413},
  year={2006},
  organization={Winter Simulation Conference}
}

@article{jist,
  title={JiST: An efficient approach to simulation using virtual machines},
  author={Barr, Rimon and Haas, Zygmunt J and van Renesse, Robbert},
  journal={Software: Practice and Experience},
  volume={35},
  number={6},
  pages={539--576},
  year={2005},
  publisher={Wiley Online Library}
}

@inproceedings{omnet,
  title={An overview of the OMNeT++ simulation environment},
  author={Varga, Andr{\'a}s and Hornig, Rudolf},
  booktitle={Proceedings of the 1st international conference on Simulation tools and techniques for communications, networks and systems \& workshops},
  pages={60},
  year={2008},
  organization={ICST (Institute for Computer Sciences, Social-Informatics and Telecommunications Engineering)}
}

@inproceedings{ns3,
  title={Architecture, design and source code comparison of ns-2 and ns-3 network simulators},
  author={Font, Juan Luis and I{\~n}igo, Pablo and Dom{\'\i}nguez, Manuel and Sevillano, Jos{\'e} Luis and Amaya, Claudio},
  booktitle={Proceedings of the 2010 Spring Simulation Multiconference},
  pages={109},
  year={2010},
  organization={Society for Computer Simulation International}
}

@misc{SUMO_web,
title = {SUMO Homepage},
howpublished = "\url{http://www.sumo.dlr.de/userdoc/TraCI.html}"}

@misc{ns3_web,
title = {Ns3 Homepage},
howpublished = "\url{https://www.nsnam.org/}"}

@misc{iee_formats,
title = {IEEE Standard for Wireless Access in Vehicular Environments; Security Services for Applications and Management Messages},
year = {2016}, 
howpublished = "\url{https://standards.ieee.org/findstds/standard/1609.2-2016.html}"}

@misc{etsi_workgroup,
title = {ETSI 
Automotive Intelligent Transport Systems},
year = {2017},
howpublished = "\url{http://www.etsi.org/technologies-clusters/technologies/automotive-intelligent-transport}"}

@misc{death_road,
title = {European Commission Mobility and transport },
year = {2016},
howpublished = "\url{https://ec.europa.eu/transport/road_safety/specialist/statistics_en}"}

@inproceedings{scms,
  title={A security credential management system for V2V communications},
  author={Whyte, William and Weimerskirch, Andr{\'e} and Kumar, Virendra and Hehn, Thorsten},
  booktitle={Vehicular Networking Conference (VNC), 2013 IEEE},
  pages={1--8},
  year={2013},
  organization={IEEE}
}

@misc{etsi_privacy,
title = {Intelligent Transport Systems (ITS); Security; Trust and Privacy Management },
year = {2012}, 
howpublished = "\url{http://www.etsi.org/deliver/etsi_ts/102900_102999/102941/01.01.01_60/ts_102941v010101p.pdf}"}

@inproceedings{generic_eu,
  title={A generic public key infrastructure for securing car-to-x communication},
  author={Bi{\ss}meyer, Norbert and St{\"u}bing, Hagen and Schoch, Elmar and G{\"o}tz, Stefan and Stotz, Jan Peter and Lonc, Brigitte},
  booktitle={18th ITS World Congress, Orlando, USA},
  volume={14},
  year={2011}
}

@inproceedings{wow,
  title={Cooperative its security framework: Standards and implementations progress in europe},
  author={Lonc, Brigitte and Cincilla, Pierpaolo},
  booktitle={World of Wireless, Mobile and Multimedia Networks (WoWMoM), 2016 IEEE 17th International Symposium on A},
  pages={1--6},
  year={2016},
  organization={IEEE}
}

@misc{c2c-common,
title = {Java Implementation of ITS Intelligent Transport Systems (ITS) Security header and certificate formats },
year = {2016}, 
howpublished = "\url{https://github.com/pvendil/c2c-commonl}"}

@misc{instrumentation,
title = {Instrumentation Java Documentation},
howpublished = "\url{https://docs.oracle.com/javase/7/docs/api/java/lang/instrument/Instrumentation.html}"}


@misc{jmeter,
title = {Apache JMeter Web Page},
howpublished = "\url{https://jmeter.apache.org/}"}



